@ARTICLE{Slyunyaev_et_al_2019,
	AUTHOR = {N. N. Slyunyaev and N. V. Ilin and E. A. Mareev},
	YEAR = {2019},
	TITLE = {Modeling Contributions of Continents and Oceans to the Diurnal Variation of the Global Electric Circuit},
	JOURNAL = {Geophys.\ Res.\ Lett.},
	VOLUME = {46},
	NUMBER = {10},
	PAGES = {5516--5525},
	DOI = {10.1029/2019GL083166}
}
@ARTICLE{Ilin_et_al_2020,
	AUTHOR = {N. V. Ilin and N. N. Slyunyaev and E. A. Mareev},
	YEAR = {2020},
	TITLE = {Toward a Realistic Representation of Global Electric Circuit Generators in Models of Atmospheric Dynamics},
	JOURNAL = {J.\ Geophys.\ Res.\ Atmos.},
	VOLUME = {125},
	NUMBER = {6},
	PAGES = {e2019JD032130},
	DOI = {10.1029/2019JD032130}
}
@ARTICLE{Mareev_Volodin_2014,
	AUTHOR = {E. A. Mareev and E. M. Volodin},
	YEAR = {2014},
	TITLE = {Variation of the Global Electric Circuit and Ionospheric Potential in a General Circulation Model},
	JOURNAL = {Geophys.\ Res.\ Lett.},
	VOLUME = {41},
	NUMBER = {24},
	PAGES = {9009--9016},
	DOI = {10.1002/2014GL062352}
}
@ARTICLE{Slyunyaev_et_al_2021c,
	AUTHOR = {N. N. Slyunyaev and N. V. Ilin and E. A. Mareev and C. G. Price},
	YEAR = {2021},
	TITLE = {A New Link between {E}l {N}iño—{S}outhern {O}scillation and Atmospheric Electricity},
	JOURNAL = {Environ.\ Res.\ Lett.},
	VOLUME = {16},
	NUMBER = {4},
	PAGES = {044025},
	DOI = {10.1088/1748-9326/abe908}
}
@ARTICLE{Slyunyaev_et_al_2021b,
	AUTHOR = {N. N. Slyunyaev and N. V. Ilin and E. A. Mareev and C. G. Price},
	YEAR = {2021},
	TITLE = {The Global Electric Circuit Land–Ocean Response to the {E}l {N}iño—{S}outhern {O}scillation},
	JOURNAL = {Atmos.\ Res.},
	VOLUME = {260},
	PAGES = {105626},
	DOI = {10.1016/j.atmosres.2021.105626}
}
@ARTICLE{Slyunyaev_et_al_2021a,
	AUTHOR = {N. N. Slyunyaev and A. V. Frank-Kamenetsky and N. V. Ilin and F. G. Sarafanov and M. V. Shatalina and E. A. Mareev and C. G. Price},
	YEAR = {2021},
	TITLE = {Electric Field Measurements in the {A}ntarctic Reveal Patterns Related to the {E}l {N}iño—{S}outhern {O}scillation},
	JOURNAL = {Geophys.\ Res.\ Lett.},
	VOLUME = {48},
	NUMBER = {21},
	PAGES = {e2021GL095389},
	DOI = {10.1029/2021GL095389}
}
@ARTICLE{Rycroft_et_al_2000,
	AUTHOR = {M. J. Rycroft and S. Israelsson and C. Price},
	YEAR = {2000},
	TITLE = {The Global Atmospheric Electric Circuit, Solar Activity and Climate Change},
	JOURNAL = {J.\ Atmos.\ Sol.\ Terr.\ Phys.},
	VOLUME = {62},
	NUMBER = {17--18},
	PAGES = {1563--1576},
	DOI = {10.1016/S1364-6826(00)00112-7}
}
@ARTICLE{Williams_2009,
	AUTHOR = {E. R. Williams},
	YEAR = {2009},
	TITLE = {The Global Electrical Circuit: A Review},
	JOURNAL = {Atmos.\ Res.},
	VOLUME = {91},
	NUMBER = {2--4},
	PAGES = {140--152},
	DOI = {10.1016/j.atmosres.2008.05.018}
}
@ARTICLE{Williams_Mareev_2014,
	AUTHOR = {E. Williams and E. Mareev},
	YEAR = {2014},
	TITLE = {Recent Progress on the Global Electrical Circuit},
	JOURNAL = {Atmos.\ Res.},
	VOLUME = {135--136},
	PAGES ={208--227},
	DOI = {10.1016/j.atmosres.2013.05.015}
}
@ARTICLE{Lavigne_et_al_2017,
	AUTHOR = {T. Lavigne and C. Liu and W. Deierling and D. Mach},
	YEAR = {2017},
	TITLE = {Relationship between the Global Electric Circuit and Electrified Cloud Parameters at Diurnal, Seasonal, and Interannual Timescales},
	JOURNAL = {J.\ Geophys.\ Res.\ Atmos.},
	VOLUME = {122},
	NUMBER = {16},
	PAGES = {8525--8542},
	DOI = {10.1002/2016JD026442}
}
@ARTICLE{Williams_et_al_2021,
	AUTHOR = {E. Williams and T. Boz\'{o}ki and G. S\'{a}tori and C. Price and P. Steinbach and A. Guha and Y. Liu and C. D. Beggan and M. Neska and R. Boldi and M. Atkinson},
	YEAR = {2021},
	TITLE = {Evolution of Global Lightning in the Transition from Cold to Warm Phase Preceding Two Super {E}l {N}iño Events},
	JOURNAL = {J.\ Geophys.\ Res.\ Atmos.},
	VOLUME = {126},
	NUMBER = {3},
	PAGES = {e2020JD033526},
	DOI = {10.1029/2020JD033526}
}
@MISC{ERA5,
	AUTHOR = {H. Hersbach and B. Bell and P. Berrisford and G. Biavati and A. Hor\'{a}nyi and J. {Mu{\~{n}}oz Sabater} and J. Nicolas and C. Peubey and R. Radu and I. Rozum and D. Schepers and A. Simmons and C. Soci and D. Dee and J-N. Th\'{e}paut},
	YEAR = {2018},
	TITLE = {{ERA5} hourly data on pressure levels from 1979 to present},
	HOWPUBLISHED = {Copernicus Climate Change Service ({C3S}) Climate Data Store ({CDS})},
	DOI = {10.24381/cds.bd0915c6},
	NOTE = {Updated daily.}
}
@ARTICLE{Burns_et_al_2005,
	AUTHOR = {G. B. Burns and A. V. Frank‐Kamenetsky and O. A. Troshichev and E. A. Bering and B. D. Reddell},
	YEAR = {2005},
	TITLE = {Interannual Consistency of Bi‐Monthly Differences in Diurnal Variations of the Ground‐Level, Vertical Electric Field},
	JOURNAL = {J. Geophys. Res.},
	VOLUME = {110},
	NUMBER = {D10},
	PAGES = {D10106},
	DOI = {10.1029/2004JD005469}
}
@ARTICLE{Burns_et_al_2012,
	AUTHOR = {G. B. Burns and B. A. Tinsley and A. V. Frank‐Kamenetsky and O. A. Troshichev and W. J. R. French and A. R. Klekociuk},
	YEAR = {2012},
	TITLE = {Monthly Diurnal Global Atmospheric Circuit Estimates Derived from {V}ostok Electric Field Measurements Adjusted for Local Meteorological and Solar Wind Influences},
	JOURNAL = {J. Atmos. Sci.},
	VOLUME = {69},
	NUMBER = {6},
	PAGES = {2061--2082},
	DOI = {10.1175/JAS-D-11-0212.1}
}
@ARTICLE{Burns_et_al_2017,
	AUTHOR = {G. B. Burns and A. V. Frank-Kamenetsky and B. A. Tinsley and W. J. French and P. Grigioni and G. Camporeale and E. A. Bering},
	YEAR = {2017},
	TITLE = {Atmospheric Global Circuit Variations from {V}ostok and {C}oncordia Electric Field Measurements},
	JOURNAL = {J. Atmos. Sci.},
	VOLUME = {74},
	NUMBER = {3},
	PAGES = {783--800},
	DOI = {10.1175/JAS-D-16-0159.1}
}
@ARTICLE{Madden_Julian_1971,
	AUTHOR = {R. A. Madden and P. R. Julian},
	YEAR = {1971},
	TITLE = {Detection of a 40–50 Day Oscillation in the Zonal Wind in the Tropical {P}acific},
	JOURNAL = {J. Atmos. Sci.},
	VOLUME = {28},
	NUMBER = {5},
	PAGES = {702--708},
	DOI = {10.1175/1520-0469(1971)028<0702:DOADOI>2.0.CO;2}
}
@ARTICLE{Madden_Julian_1972,
	AUTHOR = {R. A. Madden and P. R. Julian},
	YEAR = {1972},
	TITLE = {Description of Global-Scale Circulation Cells in the Tropics with a 40–50 Day Period},
	JOURNAL = {J. Atmos. Sci.},
	VOLUME = {29},
	NUMBER = {6},
	PAGES = {1109--1123},
	DOI = {10.1175/1520-0469(1972)029<1109:DOGSCC>2.0.CO;2}
}
@ARTICLE{Madden_Julian_1994,
	AUTHOR = {R. A. Madden and P. R. Julian},
	YEAR = {1994},
	TITLE = {Observations of the 40–50-Day Tropical Oscillation—{A} Review},
	JOURNAL = {Mon. Wea. Rev.},
	VOLUME = {122},
	NUMBER = {5},
	PAGES = {814--837},
	DOI = {10.1175/1520-0493(1994)122<0814:OOTDTO>2.0.CO;2}
}
@ARTICLE{Zhang_2005,
	AUTHOR = {C. Zhang},
	YEAR = {2005},
	TITLE = {{M}adden-{J}ulian {O}scillation},
	JOURNAL = {Rev. Geophys.},
	VOLUME = {43},
	NUMBER = {2},
	PAGES = {RG2003},
	DOI = {10.1029/2004RG000158}
}
@ARTICLE{Anyamba_et_al_2000,
	AUTHOR = {E. Anyamba and E. Williams and J. Susskind and A. Fraser-Smith and M. Fullekrug},
	YEAR = {2000},
	TITLE = {The Manifestation of the {M}adden–{J}ulian Oscillation in Global Deep Convection and in the {S}chumann Resonance Intensity},
	JOURNAL = {J. Atmos. Sci.},
	VOLUME = {57},
	NUMBER = {8},
	PAGES = {1029--1044},
	DOI = {10.1175/1520-0469(2000)057<1029:TMOTMJ>2.0.CO;2}
}
@ARTICLE{Wheeler_Hendon_2004,
	AUTHOR = {M. C. Wheeler and H. H. Hendon},
	YEAR = {2004},
	TITLE = {An All-Season Real-Time Multivariate {MJO} Index: Development of an Index for Monitoring and Prediction},
	JOURNAL = {Mon. Wea. Rev.},
	VOLUME = {132},
	NUMBER = {8},
	PAGES = {1917--1932},
	DOI = {10.1175/1520-0493(2004)132<1917:AARMMI>2.0.CO;2}
}

@ARTICLE{Rayner_et_al_2003,
	AUTHOR = {Nick A. Rayner and David E. Parker and E. B. Horton and Chris K. Folland and Lisa Victoria Alexander and David P. Rowell and Elizabeth C. Kent and Alexey Kaplan},
	YEAR = {2003},
	TITLE = {Global analyses of sea surface temperature, sea ice, and night marine air temperature since the late nineteenth century},
  	JOURNAL = {Journal of Geophysical Research},
  	VOLUME = {108},
  	PAGES = {4407},
  	DOI = {10.1029/2002JD002670}
}
@ARTICLE{Zhang_2015,
    EDITOR = {Zhihua Zhang and John C. Moore},
    AUTHOR = {Zhihua Zhang and John C. Moore},
    YEAR = {2015},
    TITLE = {Chapter 6 - Empirical Orthogonal Functions},
    BOOKTITLE = {Mathematical and Physical Fundamentals of Climate Change},
    PUBLISHER  = {Elsevier},
    ADDRESS = {Boston},
    PAGES = {161-197},
    ISBN = {978-0-12-800066-3},
    DOI = {https://doi.org/10.1016/B978-0-12-800066-3.00006-1},
    URL = {https://www.sciencedirect.com/science/article/pii/B9780128000663000061},
}
@article{Markson_2007,
	author = {Markson, Ralph},
	year = {2007},
	month = {02},
	pages = {},
	title = {The Global Circuit Intensity: Its Measurement and Variation over the Last 50 Years},
	volume = {88},
	journal = {Bulletin of The American Meteorological Society - BULL AMER METEOROL SOC},
	doi = {10.1175/BAMS-88-2-223}
}
