@ARTICLE{Slyunyaev_et_al_2019,
	AUTHOR = {N. N. Slyunyaev and N. V. Ilin and E. A. Mareev},
	YEAR = {2019},
	TITLE = {Modeling Contributions of Continents and Oceans to the Diurnal Variation of the Global Electric Circuit},
	JOURNAL = {Geophys.\ Res.\ Lett.},
	VOLUME = {46},
	NUMBER = {10},
	PAGES = {5516--5525},
	DOI = {10.1029/2019GL083166}
}
@ARTICLE{Ilin_et_al_2020,
	AUTHOR = {N. V. Ilin and N. N. Slyunyaev and E. A. Mareev},
	YEAR = {2020},
	TITLE = {Toward a Realistic Representation of Global Electric Circuit Generators in Models of Atmospheric Dynamics},
	JOURNAL = {J.\ Geophys.\ Res.\ Atmos.},
	VOLUME = {125},
	NUMBER = {6},
	PAGES = {e2019JD032130},
	DOI = {10.1029/2019JD032130}
}
@ARTICLE{Mareev_Volodin_2014,
	AUTHOR = {E. A. Mareev and E. M. Volodin},
	YEAR = {2014},
	TITLE = {Variation of the Global Electric Circuit and Ionospheric Potential in a General Circulation Model},
	JOURNAL = {Geophys.\ Res.\ Lett.},
	VOLUME = {41},
	NUMBER = {24},
	PAGES = {9009--9016},
	DOI = {10.1002/2014GL062352}
}
@ARTICLE{Slyunyaev_et_al_2021c,
	AUTHOR = {N. N. Slyunyaev and N. V. Ilin and E. A. Mareev and C. G. Price},
	YEAR = {2021},
	TITLE = {A New Link between {E}l {N}iño—{S}outhern {O}scillation and Atmospheric Electricity},
	JOURNAL = {Environ.\ Res.\ Lett.},
	VOLUME = {16},
	NUMBER = {4},
	PAGES = {044025},
	DOI = {10.1088/1748-9326/abe908}
}
@ARTICLE{Slyunyaev_et_al_2021b,
	AUTHOR = {N. N. Slyunyaev and N. V. Ilin and E. A. Mareev and C. G. Price},
	YEAR = {2021},
	TITLE = {The Global Electric Circuit Land–Ocean Response to the {E}l {N}iño—{S}outhern {O}scillation},
	JOURNAL = {Atmos.\ Res.},
	VOLUME = {260},
	PAGES = {105626},
	DOI = {10.1016/j.atmosres.2021.105626}
}
@ARTICLE{Slyunyaev_et_al_2021a,
	AUTHOR = {N. N. Slyunyaev and A. V. Frank-Kamenetsky and N. V. Ilin and F. G. Sarafanov and M. V. Shatalina and E. A. Mareev and C. G. Price},
	YEAR = {2021},
	TITLE = {Electric Field Measurements in the {A}ntarctic Reveal Patterns Related to the {E}l {N}iño—{S}outhern {O}scillation},
	JOURNAL = {Geophys.\ Res.\ Lett.},
	VOLUME = {48},
	NUMBER = {21},
	PAGES = {e2021GL095389},
	DOI = {10.1029/2021GL095389}
}
@ARTICLE{Rycroft_et_al_2000,
	AUTHOR = {M. J. Rycroft and S. Israelsson and C. Price},
	YEAR = {2000},
	TITLE = {The Global Atmospheric Electric Circuit, Solar Activity and Climate Change},
	JOURNAL = {J.\ Atmos.\ Sol.\ Terr.\ Phys.},
	VOLUME = {62},
	NUMBER = {17--18},
	PAGES = {1563--1576},
	DOI = {10.1016/S1364-6826(00)00112-7}
}
@ARTICLE{Rycroft_et_al_2008,
	AUTHOR = {M. J. Rycroft and R. G. Harrison and K. A. Nicoll and E. A. Mareev},
	YEAR = {2008},
	TITLE = {An Overview of {E}arth’s Global Electric Circuit and Atmospheric Conductivity},
	JOURNAL = {Space Sci.\ Rev.},
	VOLUME = {137},
	NUMBER = {1--4},
	PAGES = {83--105},
	DOI = {10.1007/s11214-008-9368-6}
}
@ARTICLE{Rycroft_et_al_2012,
	AUTHOR = {M. J. Rycroft and K. A. Nicoll and K. L. Aplin and R. G. Harrison},
	YEAR = {2012},
	TITLE = {Recent Advances in Global Electric Circuit Coupling between the Space Environment and the Troposphere},
	JOURNAL = {J. Atmos. Sol. Terr. Phys.},
	VOLUME = {90--91},
	PAGES = {198--211},
	DOI = {10.1016/j.jastp.2012.03.015}
}
@ARTICLE{Williams_2009,
	AUTHOR = {E. R. Williams},
	YEAR = {2009},
	TITLE = {The Global Electrical Circuit: A Review},
	JOURNAL = {Atmos.\ Res.},
	VOLUME = {91},
	NUMBER = {2--4},
	PAGES = {140--152},
	DOI = {10.1016/j.atmosres.2008.05.018}
}
@ARTICLE{Williams_Mareev_2014,
	AUTHOR = {E. Williams and E. Mareev},
	YEAR = {2014},
	TITLE = {Recent Progress on the Global Electrical Circuit},
	JOURNAL = {Atmos.\ Res.},
	VOLUME = {135--136},
	PAGES ={208--227},
	DOI = {10.1016/j.atmosres.2013.05.015}
}
@ARTICLE{Harrison_et_al_2011,
	AUTHOR = {R. G. Harrison and M. Joshi and K. Pascoe},
	YEAR = {2011},
	TITLE = {Inferring Convective Responses to {E}l {N}iño With Atmospheric Electricity Measurements at {S}hetland},
	JOURNAL = {Environ.\ Res.\ Lett.},
	VOLUME = {6},
	NUMBER = {4},
	PAGES = {044028},
	DOI = {10.1088/1748-9326/6/4/044028}
}
@ARTICLE{Lavigne_et_al_2017,
	AUTHOR = {T. Lavigne and C. Liu and W. Deierling and D. Mach},
	YEAR = {2017},
	TITLE = {Relationship between the Global Electric Circuit and Electrified Cloud Parameters at Diurnal, Seasonal, and Interannual Timescales},
	JOURNAL = {J.\ Geophys.\ Res.\ Atmos.},
	VOLUME = {122},
	NUMBER = {16},
	PAGES = {8525--8542},
	DOI = {10.1002/2016JD026442}
}
@ARTICLE{Williams_et_al_2021,
	AUTHOR = {E. Williams and T. Boz{\'o}ki and G. S{\'a}tori and C. Price and P. Steinbach and A. Guha and Y. Liu and C. D. Beggan and M. Neska and R. Boldi and M. Atkinson},
	YEAR = {2021},
	TITLE = {Evolution of Global Lightning in the Transition from Cold to Warm Phase Preceding Two Super {E}l {N}iño Events},
	JOURNAL = {J.\ Geophys.\ Res.\ Atmos.},
	VOLUME = {126},
	NUMBER = {3},
	PAGES = {e2020JD033526},
	DOI = {10.1029/2020JD033526}
}
@MISC{ERA5,
	AUTHOR = {H. Hersbach and B. Bell and P. Berrisford and G. Biavati and A. Hor{\'a}nyi and J. {Mu{\~n}oz Sabater} and J. Nicolas and C. Peubey and R. Radu and I. Rozum and D. Schepers and A. Simmons and C. Soci and D. Dee and J-N. Th{\'e}paut},
	YEAR = {2018},
	TITLE = {{ERA5} hourly data on pressure levels from 1979 to present},
	HOWPUBLISHED = {Copernicus Climate Change Service ({C3S}) Climate Data Store ({CDS})},
	DOI = {10.24381/cds.bd0915c6},
	NOTE = {{U}pdated daily.}
}
@ARTICLE{Burns_et_al_2005,
	AUTHOR = {G. B. Burns and A. V. Frank‐Kamenetsky and O. A. Troshichev and E. A. Bering and B. D. Reddell},
	YEAR = {2005},
	TITLE = {Interannual Consistency of Bi‐Monthly Differences in Diurnal Variations of the Ground‐Level, Vertical Electric Field},
	JOURNAL = {J.\ Geophys.\ Res.},
	VOLUME = {110},
	NUMBER = {D10},
	PAGES = {D10106},
	DOI = {10.1029/2004JD005469}
}
@ARTICLE{Burns_et_al_2012,
	AUTHOR = {G. B. Burns and B. A. Tinsley and A. V. Frank‐Kamenetsky and O. A. Troshichev and W. J. R. French and A. R. Klekociuk},
	YEAR = {2012},
	TITLE = {Monthly Diurnal Global Atmospheric Circuit Estimates Derived from {V}ostok Electric Field Measurements Adjusted for Local Meteorological and Solar Wind Influences},
	JOURNAL = {J.\ Atmos.\ Sci.},
	VOLUME = {69},
	NUMBER = {6},
	PAGES = {2061--2082},
	DOI = {10.1175/JAS-D-11-0212.1}
}
@ARTICLE{Burns_et_al_2017,
	AUTHOR = {G. B. Burns and A. V. Frank-Kamenetsky and B. A. Tinsley and W. J. French and P. Grigioni and G. Camporeale and E. A. Bering},
	YEAR = {2017},
	TITLE = {Atmospheric Global Circuit Variations from {V}ostok and {C}oncordia Electric Field Measurements},
	JOURNAL = {J.\ Atmos.\ Sci.},
	VOLUME = {74},
	NUMBER = {3},
	PAGES = {783--800},
	DOI = {10.1175/JAS-D-16-0159.1}
}
@ARTICLE{Madden_Julian_1971,
	AUTHOR = {R. A. Madden and P. R. Julian},
	YEAR = {1971},
	TITLE = {Detection of a 40–50 Day Oscillation in the Zonal Wind in the Tropical {P}acific},
	JOURNAL = {J.\ Atmos.\ Sci.},
	VOLUME = {28},
	NUMBER = {5},
	PAGES = {702--708},
	DOI = {10.1175/1520-0469(1971)028<0702:DOADOI>2.0.CO;2}
}
@ARTICLE{Madden_Julian_1972,
	AUTHOR = {R. A. Madden and P. R. Julian},
	YEAR = {1972},
	TITLE = {Description of Global-Scale Circulation Cells in the Tropics with a 40–50 Day Period},
	JOURNAL = {J.\ Atmos.\ Sci.},
	VOLUME = {29},
	NUMBER = {6},
	PAGES = {1109--1123},
	DOI = {10.1175/1520-0469(1972)029<1109:DOGSCC>2.0.CO;2}
}
@ARTICLE{Madden_Julian_1994,
	AUTHOR = {R. A. Madden and P. R. Julian},
	YEAR = {1994},
	TITLE = {Observations of the 40–50-Day Tropical Oscillation—{A} Review},
	JOURNAL = {Mon.\ Wea.\ Rev.},
	VOLUME = {122},
	NUMBER = {5},
	PAGES = {814--837},
	DOI = {10.1175/1520-0493(1994)122<0814:OOTDTO>2.0.CO;2}
}
@ARTICLE{Zhang_2005,
	AUTHOR = {C. Zhang},
	YEAR = {2005},
	TITLE = {{M}adden-{J}ulian {O}scillation},
	JOURNAL = {Rev.\ Geophys.},
	VOLUME = {43},
	NUMBER = {2},
	PAGES = {RG2003},
	DOI = {10.1029/2004RG000158}
}
@ARTICLE{Anyamba_et_al_2000,
	AUTHOR = {E. Anyamba and E. Williams and J. Susskind and A. Fraser-Smith and M. Fullekrug},
	YEAR = {2000},
	TITLE = {The Manifestation of the {M}adden–{J}ulian Oscillation in Global Deep Convection and in the {S}chumann Resonance Intensity},
	JOURNAL = {J.\ Atmos.\ Sci.},
	VOLUME = {57},
	NUMBER = {8},
	PAGES = {1029--1044},
	DOI = {10.1175/1520-0469(2000)057<1029:TMOTMJ>2.0.CO;2}
}
@ARTICLE{Beggan_Musur_2019,
	AUTHOR = {C. D. Beggan and M. A. Musur},
	YEAR = {2019},
	TITLE = {Is the {M}adden–{J}ulian {O}scillation reliably detectable in {S}chumann {R}esonances?},
	JOURNAL = {J.\ Atmos.\ Sol.\ Terr.\ Phys.},
	VOLUME = {190},
	PAGES = {108--116},
	DOI = {10.1016/j.jastp.2019.05.009}
}
@ARTICLE{Wheeler_Hendon_2004,
	AUTHOR = {M. C. Wheeler and H. H. Hendon},
	YEAR = {2004},
	TITLE = {An All-Season Real-Time Multivariate {MJO} Index: Development of an Index for Monitoring and Prediction},
	JOURNAL = {Mon.\ Wea.\ Rev.},
	VOLUME = {132},
	NUMBER = {8},
	PAGES = {1917--1932},
	DOI = {10.1175/1520-0493(2004)132<1917:AARMMI>2.0.CO;2}
}
@ARTICLE{Zhang_et_al_2020,
	AUTHOR = {C. Zhang and {\'A}. F. Adames and B. Khouider and B. Wang and D. Yang},
	YEAR = {2020},
	TITLE = {Four Theories of the {M}adden-{J}ulian {O}scillation},
	JOURNAL = {Rev.\ Geophys.},
	VOLUME = {58},
	NUMBER = {3},
	PAGES = {e2019RG000685},
	DOI = {10.1029/2019RG000685}
}
@BOOK{Lau_Waliser_2012,
	EDITOR = {W. K. M. Lau and D. E. Waliser},
	YEAR = {2012},
	TITLE = {Intraseasonal Variability in the Atmosphere–Ocean Climate System},
	EDITION = {2nd},
	PUBLISHER = {Springer},
	ADDRESS = {Berlin, Germany},
	DOI = {10.1007/978-3-642-13914-7}
}
@TECHREPORT{Skamarock_et_al_2019,
	AUTHOR = {W. C. Skamarock and J. B. Klemp and J. Dudhia and D. O. Gill and Z. Liu and J. Berner and W. Wang and J. G. Powers and M. G. Duda and D. M. Barker and X.-Y. Huang},
	YEAR = {2019},
	TITLE = {A Description of the {A}dvanced {R}esearch {WRF} {V}ersion 4},
	TYPE = {NCAR Technical Note NCAR/TN-556+STR},
	DOI = {10.5065/1dfh-6p97}
}
@ARTICLE{Powers_et_al_2017,
	AUTHOR = {J. G. Powers and J. B. Klemp and W. C. Skamarock and C. A. Davis and J. Dudhia and D. O. Gill and J. L. Coen and D. J. Gochis and R. Ahmadov and S. E. Peckham and G. A. Grell and J. Michalakes and S. Trahan and S. G. Benjamin and C. R. Alexander and G. J. Dimego and W. Wang and C. S. Schwartz and G. S. Romine and Z. Liu and C. Snyder and F. Chen and M. J. Barlage and W. Yu and M. G. Duda},
	YEAR = {2017},
	TITLE = {The {W}eather {R}esearch and {F}orecasting Model: Overview, System Efforts, and Future Directions},
	JOURNAL = {Bull.\ Amer.\ Meteor.\ Soc.},
	VOLUME = {98},
	NUMBER = {8},
	PAGES = {1717--1737},
	DOI = {10.1175/BAMS-D-15-00308.1}
}
@ARTICLE{Markson_2007,
	AUTHOR = {R. Markson},
	YEAR = {2007},
	TITLE = {The Global Circuit Intensity: Its Measurement and Variation over the Last 50 Years},
	JOURNAL = {Bull.\ Amer.\ Meteor.\ Soc.},
	VOLUME = {88},
	NUMBER = {2},
	PAGES = {223--241},
	DOI = {10.1175/BAMS-88-2-223}
}
@BOOK{Zhang_Moore_2015,
	AUTHOR = {Z. Zhang and J. C. Moore},
	YEAR = {2015},
	TITLE = {Mathematical and Physical Fundamentals of Climate Change},
	PUBLISHER = {Elsevier},
	ADDRESS = {Amsterdam, Netherlands},
	DOI = {10.1016/C2013-0-14403-0}
}
@BOOK{Kendall_Stuart_1961,
	AUTHOR = {M. G. Kendall and A. Stuart},
	YEAR = {1961},
	TITLE = {The Advanced Theory of Statistics. {V}olume 2: Inference and Relationship},
	PUBLISHER = {Charles Griffin \& Co.\ Ltd.},
	ADDRESS = {London}
}
@ARTICLE{Adlerman_Williams_1996,
	AUTHOR = {E. J. Adlerman and E. R. Williams},
	YEAR = {1996},
	TITLE = {Seasonal Variation of the Global Electrical Circuit},
	JOURNAL = {J.\ Geophys.\ Res.},
	VOLUME = {101},
	NUMBER = {D23},
	PAGES = {29679--29688},
	DOI = {10.1029/96JD01547}
}
@ARTICLE{Kessler_2001,
	AUTHOR = {W. S. Kessler},
	YEAR = {2001},
	TITLE = {{EOF} Representations of the {M}adden–{J}ulian Oscillation and Its Connection with {ENSO}},
	JOURNAL = {J.\ Climate},
	VOLUME = {14},
	NUMBER = {13},
	PAGES = {3055--3061},
	DOI = {10.1175/1520-0442(2001)014<3055:EROTMJ>2.0.CO;2}
}
@ARTICLE{Matthews_2000,
	AUTHOR = {A. J. Matthews},
	YEAR = {2000},
	TITLE = {Propagation Mechanisms for the {M}adden-{J}ulian {O}scillation},
	JOURNAL = {Quart.\ J.\ Roy.\ Meteor.\ Soc.},
	VOLUME = {126},
	NUMBER = {569},
	PAGES = {2637--2651},
	DOI = {10.1002/qj.49712656902}
}
@ARTICLE{Slingo_et_al_1999,
	AUTHOR = {J. M. Slingo and D. P. Rowell and K. R. Sperber and F. Nortley},
	YEAR = {1999},
	TITLE = {On the Predictability of the Interannual Behaviour of the {M}adden–{J}ulian {O}scillation and its Relationship with {E}l {N}iño},
	JOURNAL = {Quart.\ J.\ Roy.\ Meteor.\ Soc.},
	VOLUME = {125},
	NUMBER = {554},
	PAGES = {583--609},
	DOI = {10.1002/qj.49712555411}
}
@ARTICLE{Lo_Hendon_2000,
	AUTHOR = {F. Lo and H. H. Hendon},
	YEAR = {2000},
	TITLE = {Empirical Extended-Range Prediction of the {M}adden–{J}ulian Oscillation},
	JOURNAL = {Mon.\ Wea.\ Rev.},
	VOLUME = {128},
	NUMBER = {7},
	PAGES = {2528--2543},
	DOI = {10.1175/1520-0493(2000)128<2528:EERPOT>2.0.CO;2}
}
@ARTICLE{Knutson_Weickmann_1987,
	AUTHOR = {T. R. Knutson and K. M. Weickmann},
	YEAR = {1987},
	TITLE = {30–60 Day Atmospheric Oscillations: Composite Life Cycles of Convection and Circulation Anomalies},
	JOURNAL = {Mon.\ Wea.\ Rev.},
	VOLUME = {115},
	NUMBER = {7},
	PAGES = {1407--1436},
	DOI = {10.1175/1520-0493(1987)115<1407:DAOCLC>2.0.CO;2}
}
@BOOK{Hannachi_2021,
	AUTHOR = {A. Hannachi},
	YEAR = {2021},
	TITLE = {Patterns Identification and Data Mining in Weather and Climate},
	PUBLISHER = {Springer},
	ADDRESS = {Cham, Switzerland},
	DOI = {10.1007/978-3-030-67073-3}
}
@ARTICLE{Fullekrug_Fraser-Smith_1996,
	AUTHOR = {M. F{\"u}llekrug and A. C. Fraser-Smith},
	YEAR = {1996},
	TITLE = {Further Evidence for a Global Correlation of the {E}arth-Ionosphere Cavity Resonances},
	JOURNAL = {Geophys.\ Res.\ Lett.},
	VOLUME = {23},
	NUMBER = {20},
	PAGES = {2773--2776},
	DOI = {10.1029/96GL02612}
}
@ARTICLE{Markson_1981,
	AUTHOR = {R. Markson},
	YEAR = {1981},
	TITLE = {Modulation of the {E}arth’s Electric Field by Cosmic Radiation},
	JOURNAL = {Nature},
	VOLUME = {291},
	NUMBER = {5813},
	PAGES = {304--308},
	DOI = {10.1038/291304a0}
}
@ARTICLE{Wang_et_al_2018,
	AUTHOR = {Feiyang Wang and Wenshou Tian and Fei Xie and Jiankai Zhang and Yuanyuan Han},
	YEAR = {2018},
	TITLE = {Effect of {M}adden–{J}ulian Oscillation Occurrence Frequency on the Interannual Variability of Northern Hemisphere Stratospheric Wave Activity in Winter},
	JOURNAL = {Journal of Climate},
	VOLUME = {31},
	ISSUE = {13},
	PAGES = {5031--5049},
	DOI = {10.1175/JCLI-D-17-0476.1}
}
